<?xml version="1.0" encoding="UTF-8" ?><marc:collection xmlns:marc="http://www.loc.gov/MARC21/slim" xmlns:xsi="http://www.w3.org/2001/XMLSchema-instance" xsi:schemaLocation="http://www.loc.gov/MARC21/slim http://www.loc.gov/standards/marcxml/schema/MARC21slim.xsd">
<marc:record><marc:leader>04576cam a2200553Mi 4500</marc:leader>
<marc:controlfield tag="001">b13196005</marc:controlfield>
<marc:controlfield tag="003">UaCaAUL</marc:controlfield><marc:controlfield tag="005">20180222121255.0</marc:controlfield><marc:controlfield tag="008">010904m19061907ua       d    000 0 ara  </marc:controlfield><marc:datafield tag="010" ind1=" " ind2=" "><marc:subfield code="a">ne 61000186</marc:subfield></marc:datafield><marc:datafield tag="035" ind1=" " ind2=" "><marc:subfield code="a">(OCoLC)862568810</marc:subfield></marc:datafield><marc:datafield tag="040" ind1=" " ind2=" "><marc:subfield code="a">DLC</marc:subfield><marc:subfield code="b">eng</marc:subfield><marc:subfield code="e">rda</marc:subfield><marc:subfield code="c">N15</marc:subfield><marc:subfield code="d">OCLCO</marc:subfield><marc:subfield code="d">OCLCF</marc:subfield><marc:subfield code="d">OCLCQ</marc:subfield><marc:subfield code="d">MEAUC</marc:subfield></marc:datafield><marc:datafield tag="049" ind1=" " ind2=" "><marc:subfield code="a">MAIN</marc:subfield></marc:datafield><marc:datafield tag="050" ind1="0" ind2=" "><marc:subfield code="a">G93</marc:subfield><marc:subfield code="b">.Y195</marc:subfield></marc:datafield><marc:datafield tag="050" ind1=" " ind2="4"><marc:subfield code="a">G93</marc:subfield><marc:subfield code="b">.Y192 1906</marc:subfield></marc:datafield><marc:datafield tag="066" ind1=" " ind2=" "><marc:subfield code="c">(3</marc:subfield></marc:datafield><marc:datafield tag="090" ind1=" " ind2=" "><marc:subfield code="a">G93</marc:subfield><marc:subfield code="b">.Y192 1906</marc:subfield></marc:datafield><marc:datafield tag="100" ind1="0" ind2=" "><marc:subfield code="6">880-01</marc:subfield><marc:subfield code="a">Yāqūt ibn ʻAbd Allāh al-Ḥamawī,</marc:subfield><marc:subfield code="d">1179?-1229.</marc:subfield></marc:datafield><marc:datafield tag="240" ind1="1" ind2="0"><marc:subfield code="6">880-02</marc:subfield><marc:subfield code="a">Muʻjam al-buldān.</marc:subfield></marc:datafield><marc:datafield tag="245" ind1="1" ind2="0"><marc:subfield code="6">880-03</marc:subfield><marc:subfield code="a">Kitāb muʻjam al-buldān /</marc:subfield><marc:subfield code="c">taʼlīf al-Shaykh al-Imām Shihāb al-Dīn Abī ʻAbd Allāh Yāqūt ibn ʻAbd Allāh al-Ḥamawī al-Rūmī al-Baghdādī, al-mutawaffá sanat 626 Hijrīyah raḥimahu Allāh raḥmatan wāsiʻah ; ʻuniya bi-taṣḥīḥihi wa-tartīb waḍʻihi wa-kitābat al-mustadrik ʻalayhi Muḥammad Amīn al-Khānjī al-Kutubī bi-qirāʼatihi ʻalá al-ustādh al-adīb al-naḥawī al-rāwīyah (al-Shaykh Aḥmad ibn al-Amīn al-Shinqīṭī) nazīl al-Qāhirah ḥafiẓahu Allāh.</marc:subfield></marc:datafield><marc:datafield tag="250" ind1=" " ind2=" "><marc:subfield code="6">880-04</marc:subfield><marc:subfield code="a">al-Ṭabʻah al-ūlá.</marc:subfield></marc:datafield><marc:datafield tag="264" ind1=" " ind2="1"><marc:subfield code="6">880-05</marc:subfield><marc:subfield code="a">Miṣr :</marc:subfield><marc:subfield code="b">ṭubiʻ bi-Maṭbaʻat al-Saʻādah bi-jiwār Muḥāfaẓat Miṣr,</marc:subfield><marc:subfield code="c">1323 H, 1906 M-1325 H, 1907 M.</marc:subfield></marc:datafield><marc:datafield tag="300" ind1=" " ind2=" "><marc:subfield code="a">10 volumes ;</marc:subfield><marc:subfield code="c">24 cm.</marc:subfield></marc:datafield><marc:datafield tag="336" ind1=" " ind2=" "><marc:subfield code="a">text</marc:subfield><marc:subfield code="b">txt</marc:subfield><marc:subfield code="2">rdacontent.</marc:subfield></marc:datafield><marc:datafield tag="337" ind1=" " ind2=" "><marc:subfield code="a">unmediated</marc:subfield><marc:subfield code="b">n</marc:subfield><marc:subfield code="2">rdamedia.</marc:subfield></marc:datafield><marc:datafield tag="338" ind1=" " ind2=" "><marc:subfield code="a">volume</marc:subfield><marc:subfield code="b">nc</marc:subfield><marc:subfield code="2">rdacarrier.</marc:subfield></marc:datafield><marc:datafield tag="500" ind1=" " ind2=" "><marc:subfield code="a">This edition issued also &quot;10 volumes in 5&quot;.</marc:subfield></marc:datafield><marc:datafield tag="505" ind1="2" ind2=" "><marc:subfield code="6">880-06</marc:subfield><marc:subfield code="a">al-Mujallad al-tāsiʻ wa-al-ʻāshir: Kitāb manjam al-ʻumrān fī al-mustadrak ʻalá Muʻjam al-Buldān, jammaʻahu wa-rattabahu Muḥammad Amīn al-Khānjī.</marc:subfield></marc:datafield><marc:datafield tag="500" ind1=" " ind2=" "><marc:subfield code="6">880-07</marc:subfield><marc:subfield code="a">Ikhtitām sanat 1323 Hijrīyah, wa-iftitāḥ sanat 1906 M.</marc:subfield></marc:datafield><marc:datafield tag="500" ind1=" " ind2=" "><marc:subfield code="6">880-08</marc:subfield><marc:subfield code="a">ʻAlá nafaqat Aḥmad Nājī al-Jammālī, wa-Muḥammad Amīn al-Khānjī wa-akhīhi, wa-Mawlawī ʻAbd Allāh Jītīkar, wa-Sayyid Mūsá Sharīf.</marc:subfield></marc:datafield><marc:datafield tag="500" ind1=" " ind2=" "><marc:subfield code="6">880-09</marc:subfield><marc:subfield code="a">Ḥuqūq iʻādat ṭabʻihi maʻa al-mustadrak ʻalayhi al-musammá (Manjam al-ʻumrān) fī al-mustadrak ʻalá (Muʻjam al-buldān) maḥfūẓah li-Muḥammad Amīn al-Khānjī faqaṭ.</marc:subfield></marc:datafield><marc:datafield tag="650" ind1=" " ind2="0"><marc:subfield code="a">Geography</marc:subfield><marc:subfield code="v">Dictionaries</marc:subfield><marc:subfield code="x">Arabic.</marc:subfield></marc:datafield><marc:datafield tag="650" ind1=" " ind2="0"><marc:subfield code="a">Geography</marc:subfield><marc:subfield code="v">Dictionaries</marc:subfield><marc:subfield code="x">Arabic</marc:subfield><marc:subfield code="v">Early works to 1800.</marc:subfield></marc:datafield><marc:datafield tag="650" ind1=" " ind2="0"><marc:subfield code="a">Geography, Medieval.</marc:subfield></marc:datafield><marc:datafield tag="700" ind1="1" ind2="2"><marc:subfield code="6">880-10</marc:subfield><marc:subfield code="a">Khānjī, Muḥammad Amīn,</marc:subfield><marc:subfield code="d">1865 or 1866-1939 or 1940.</marc:subfield><marc:subfield code="t">Manjam al-ʻumrān f̣ī al-mustadrak ʻalá Muʻjam al-buldān.</marc:subfield></marc:datafield><marc:datafield tag="880" ind1="1" ind2="0"><marc:subfield code="6">240-02/(3/r</marc:subfield><marc:subfield code="a">معجم البلدان.</marc:subfield></marc:datafield><marc:datafield tag="880" ind1="0" ind2=" "><marc:subfield code="6">100-01/(3/r</marc:subfield><marc:subfield code="a">ياقوت بن عبد الله الحموي،‪</marc:subfield><marc:subfield code="d">1179؟-1229.</marc:subfield></marc:datafield><marc:datafield tag="880" ind1="1" ind2="0"><marc:subfield code="6">245-03/(3/r</marc:subfield><marc:subfield code="a">كتاب معجم البلدان /‪</marc:subfield><marc:subfield code="c">تأليف الشيخ الامام شهاب الدين أبي عبد الله ياقوت بن عبد الله الحموي الرومي البغدادي، المتوفى سنة 626 هجرية رحمه الله رحمة واسعة ؛ عني بتصحيحه وترتيب وضعه وكتابة المستدرك عليه محمد أمين الخانجي الكتبي بقرائته على الأستاذ الأديب النحوي الراوية (الشيخ أحمد بن الأمين الشنقيطي) نزيل القاهرة حفظه الله..</marc:subfield></marc:datafield><marc:datafield tag="880" ind1=" " ind2=" "><marc:subfield code="6">250-04/(3/r</marc:subfield><marc:subfield code="a">الطبعة الأولى..</marc:subfield></marc:datafield><marc:datafield tag="880" ind1=" " ind2="1"><marc:subfield code="6">264-05/(3/r</marc:subfield><marc:subfield code="a">مصر :‪</marc:subfield><marc:subfield code="b">طبع بمطبعة السعادة بجوار محافظة مصر،‪</marc:subfield><marc:subfield code="c">1323 ه، 1906 م-1325 ه، 1907 م..</marc:subfield></marc:datafield><marc:datafield tag="880" ind1="2" ind2=" "><marc:subfield code="6">505-06/(3/r</marc:subfield><marc:subfield code="a">المجلد التاسع والعاشر: كتاب منجم العمران في المستدرك على معجم البلدان، جمعه ورتبه محمد أمين الخانجي..</marc:subfield></marc:datafield><marc:datafield tag="880" ind1=" " ind2=" "><marc:subfield code="6">500-07/(3/r</marc:subfield><marc:subfield code="a">اختتام سنة 1323 هجرية، وافتتاح سنة 1906 م..</marc:subfield></marc:datafield><marc:datafield tag="880" ind1=" " ind2=" "><marc:subfield code="6">500-08/(3/r</marc:subfield><marc:subfield code="a">على نفقة أحمد ناجي الجمالي، ومحمد أمين الخانجي واخيه، ومولوي عبد الله جيتيكر، وسيد موسى شريف..</marc:subfield></marc:datafield><marc:datafield tag="880" ind1=" " ind2=" "><marc:subfield code="6">500-09/(3/r</marc:subfield><marc:subfield code="a">حقوق اعادة طبعه مع المستدرك عليه المسمى (منجم العمران) في المستدرك على (معجم البلدان) محفوظة لمحمد أمين الخانجي فقط..</marc:subfield></marc:datafield><marc:datafield tag="880" ind1="1" ind2="2"><marc:subfield code="6">700-10/(3/r</marc:subfield><marc:subfield code="a">خانجي، محمد أمين،‪</marc:subfield><marc:subfield code="d">1865 أو 1866-1939 أو 1940.‪</marc:subfield><marc:subfield code="t">منجم العمران فى المستدرك على معجم البلدان..</marc:subfield></marc:datafield><marc:datafield tag="907" ind1=" " ind2=" "><marc:subfield code="a">.b13196005</marc:subfield><marc:subfield code="b">multi</marc:subfield></marc:datafield><marc:datafield tag="902" ind1=" " ind2=" "><marc:subfield code="a">180325</marc:subfield></marc:datafield><marc:datafield tag="998" ind1=" " ind2=" "><marc:subfield code="b">15</marc:subfield><marc:subfield code="c">060905</marc:subfield><marc:subfield code="d">m</marc:subfield><marc:subfield code="e">a</marc:subfield><marc:subfield code="f">-</marc:subfield><marc:subfield code="g">0</marc:subfield><marc:subfield code="k">TA</marc:subfield></marc:datafield><marc:datafield tag="945" ind1=" " ind2=" "><marc:subfield code="l">main </marc:subfield><marc:subfield code="u">v.v.1</marc:subfield></marc:datafield></marc:record>
</marc:collection>
